
@article{harmonPuttingOldTools2017,
	title = {Putting old tools to novel uses: The role of form accessibility in semantic extension},
	author = {Harmon, Zara and Kapatsinski, Vsevolod},
	year = {2017},
	date = {2017},
	journal = {Cognitive Psychology},
	pages = {22--44},
	volume = {98},
	doi = {10.1016/j.cogpsych.2017.08.002},
	url = {http://dx.doi.org/10.1016/j.cogpsych.2017.08.002},
	note = {PMID: 28830015
Publisher: Elsevier Inc.}
}
